<?xml version="1.0" encoding="UTF-8"?><collection xmlns="http://www.loc.gov/MARC21/slim"><record><leader>00490nam--2200145-i-4500</leader><controlfield tag="001">000039136</controlfield><controlfield tag="002">20161230</controlfield><controlfield tag="005">20161230201042</controlfield><controlfield tag="008">060222s1000------------r-----000-0-eng-d</controlfield><datafield ind1=" " ind2=" " tag="080"><subfield code="a">519.283:016:681.3.06</subfield></datafield><datafield ind1=" " ind2=" " tag="100"><subfield code="a">Riley Vera And Gass,S.I</subfield></datafield><datafield ind1=" " ind2=" " tag="245"><subfield code="a">Linear programming and associated techniques. a comprehensive bibliography on linear, nonlinear and dynamic programming</subfield></datafield><datafield ind1=" " ind2=" " tag="260"><subfield code="a">Baltimore, J.Hopkins Press, 1959. X+ 613 P</subfield></datafield><datafield ind1=" " ind2=" " tag="490"><subfield code="a">Bibliographic Reference Series</subfield></datafield><datafield ind1=" " ind2=" " tag="852"><subfield code="a">16834</subfield></datafield></record></collection>